@inproceedings{RDV13,
 author = {Raemaekers, Steven and Deursen, Arie van and Visser, Joost},
 title = {The Maven Repository Dataset of Metrics, Changes, and Dependencies},
 booktitle = {Proceedings of the 10th Working Conference on Mining Software Repositories},
 series = {MSR '13},
 year = {2013},
 isbn = {978-1-4673-2936-1},
 location = {San Francisco, CA, USA},
 pages = {221--224},
 numpages = {4},
 url = {http://dl.acm.org/citation.cfm?id=2487085.2487129},
 acmid = {2487129},
 publisher = {IEEE Press},
 address = {Piscataway, NJ, USA},
}

@inproceedings{LL10,
 author = {Lungu, Mircea and Lanza, Michele},
 title = {The Small Project Observatory: A Tool for Reverse Engineering Software Ecosystems},
 booktitle = {Proceedings of the 32Nd ACM/IEEE International Conference on Software Engineering - Volume 2},
 series = {ICSE '10},
 year = {2010},
 isbn = {978-1-60558-719-6},
 location = {Cape Town, South Africa},
 pages = {289--292},
 numpages = {4},
 url = {http://doi.acm.org/10.1145/1810295.1810356},
 doi = {10.1145/1810295.1810356},
 acmid = {1810356},
 publisher = {ACM},
 address = {New York, NY, USA},
 keywords = {mining software repositories, software ecosystems, software evolution, software visualization},
}

@inproceedings{OS06,
 author = {Ozment, Andy and Schechter, Stuart E.},
 title = {Milk or wine: does software security improve with age?},
 booktitle = {Proceedings of the 15th conference on USENIX Security Symposium - Volume 15},
 series = {USENIX-SS'06},
 year = {2006},
 location = {Vancouver, B.C., Canada},
 publisher = {USENIX Association},
 address = {Berkeley, CA, USA},
}

@inproceedings{EC12,
 author = {Edwards, Nigel and Chen, Liqun},
 title = {An historical examination of open source releases and their vulnerabilities},
 booktitle = {Proceedings of the 2012 ACM conference on Computer and communications security},
 series = {CCS '12},
 year = {2012},
 isbn = {978-1-4503-1651-4},
 location = {Raleigh, North Carolina, USA},
 pages = {183--194},
 numpages = {12},
 url = {http://doi.acm.org/10.1145/2382196.2382218},
 doi = {10.1145/2382196.2382218},
 acmid = {2382218},
 publisher = {ACM},
 address = {New York, NY, USA},
 keywords = {open source software, risk analysis, static analysis},
} 

@incollection{K11,
  author    = {Angelos D. Keromytis},
  title     = {Buffer Overflow Attacks},
  booktitle = {Encyclopedia of Cryptography and Security (2nd Ed.)},
  year      = {2011},
  pages     = {174-177},
}

% how secure is your sofware?

@inproceedings{SH09,
 author = {Stamat, Michael L. and Humphries, Jeffrey W.},
 title = {Training \(\neq\) education: putting secure software engineering back in the classroom},
 booktitle = {Proceedings of the 14th Western Canadian Conference on Computing Education},
 series = {WCCCE '09},
 year = {2009},
 isbn = {978-1-60558-415-7},
 location = {Burnaby, British Columbia, Canada},
 pages = {116--123},
 numpages = {8},
 url = {http://doi.acm.org/10.1145/1536274.1536308},
 doi = {10.1145/1536274.1536308},
 acmid = {1536308},
 publisher = {ACM},
 address = {New York, NY, USA},
 keywords = {computer science, design for security, security education, software development lifecycle, software engineering, software security},
}

% Domino Effect

@inproceedings{TH04,
 author = {Tevis, Jay-Evan J. and Hamilton, John A.},
 title = {Methods for the prevention, detection and removal of software security vulnerabilities},
 booktitle = {Proceedings of the 42nd annual Southeast regional conference},
 series = {ACM-SE 42},
 year = {2004},
 isbn = {1-58113-870-9},
 location = {Huntsville, Alabama},
 pages = {197--202},
 numpages = {6},
 url = {http://doi.acm.org/10.1145/986537.986583},
 doi = {http://doi.acm.org/10.1145/986537.986583},
 acmid = {986583},
 publisher = {ACM},
 address = {New York, NY, USA},
 keywords = {functional programming, static code analysis},
}

% Software Security

@book{M06,
 author = {McGraw, Gary},
 title = {Software Security: Building Security In},
 year = {2006},
 isbn = {0321356705},
 publisher = {Addison-Wesley Professional},
}

% Stats

@book{HM98,
 author = {Hettmansperger, T. P. and McKean, J. W.},
 title = {Robust nonparametric statistical methods},
 year = {1998},
 isbn = {0-340-54937-8},
 publisher = {Kendall's Library of Statistics},
}


% File System Bug Evolution

@inproceedings{LAAL13,
 title = "{A Study of Linux File System Evolution}",
 author = "{Lanyue Lu, Andrea C. Arpaci-Dusseau, Remzi H. Arpaci-Dusseau, Shan Lu}",
 booktitle = "Proceedings of the 11th Conference on File and Storage Technologies (FAST '13)",
 month = "February",
 year = "2013",
 address = "San Jose, California",
}

% SQLIA

@inproceedings{RL12,
 author = {Ray, Donald and Ligatti, Jay},
 title = {Defining code-injection attacks},
 booktitle = {Proceedings of the 39th annual ACM SIGPLAN-SIGACT symposium on Principles of programming languages},
 series = {POPL '12},
 year = {2012},
 isbn = {978-1-4503-1083-3},
 location = {Philadelphia, PA, USA},
 pages = {179--190},
 numpages = {12},
 url = {http://doi.acm.org/10.1145/2103656.2103678},
 doi = {10.1145/2103656.2103678},
 acmid = {2103678},
 publisher = {ACM},
 address = {New York, NY, USA},
 keywords = {language-based security, web-application security},
} 

% XSS

@inproceedings{WS08,
 author = {Wassermann, Gary and Su, Zhendong},
 title = {Static detection of cross-site scripting vulnerabilities},
 booktitle = {Proceedings of the 30th international conference on Software engineering},
 series = {ICSE '08},
 year = {2008},
 isbn = {978-1-60558-079-1},
 location = {Leipzig, Germany},
 pages = {171--180},
 numpages = {10},
 url = {http://doi.acm.org/10.1145/1368088.1368112},
 doi = {10.1145/1368088.1368112},
 acmid = {1368112},
 publisher = {ACM},
 address = {New York, NY, USA},
 keywords = {cross-site scripting, input validation, static analysis, web applications},
}

% PageRank

@article{BP98,
 author = {Brin, Sergey and Page, Lawrence},
 title = {The anatomy of a large-scale hypertextual Web search engine},
 journal = {Comput. Netw. ISDN Syst.},
 issue_date = {April 1, 1998},
 volume = {30},
 number = {1-7},
 month = apr,
 year = {1998},
 issn = {0169-7552},
 pages = {107--117},
 numpages = {11},
 publisher = {Elsevier Science Publishers B. V.},
 address = {Amsterdam, The Netherlands, The Netherlands},
}

% Linus' Law and security

@inproceedings{MW10,
 author = {Meneely, Andrew and Williams, Laurie},
 title = {Strengthening the empirical analysis of the relationship between Linus' Law and software security},
 booktitle = {Proceedings of the 2010 ACM-IEEE International Symposium on Empirical Software Engineering and Measurement},
 series = {ESEM '10},
 year = {2010},
 isbn = {978-1-4503-0039-1},
 location = {Bolzano-Bozen, Italy},
 pages = {9:1--9:10},
 articleno = {9},
 numpages = {10},
 url = {http://doi.acm.org/10.1145/1852786.1852798},
 doi = {10.1145/1852786.1852798},
 acmid = {1852798},
 publisher = {ACM},
 address = {New York, NY, USA},
 keywords = {contribution network, developer network, metric, vulnerability},
} 

% size and bugs

@article{BP84,
 author = {Basili, Victor R. and Perricone, Barry T.},
 title = {Software errors and complexity: an empirical investigation},
 journal = {Commun. ACM},
 issue_date = {Jan. 1984},
 volume = {27},
 number = {1},
 month = jan,
 year = {1984},
 issn = {0001-0782},
 pages = {42--52},
 numpages = {11},
 publisher = {ACM},
 address = {New York, NY, USA},
}

@article{SYTP85,
 author = {Shen, Vincent Y. and Yu, Tze-Jie and Thebaut, Stephen M. and Paulsen, Lorri R.},
 title = {Identifying Error-Prone Software An Empirical Study},
 journal = {IEEE Trans. Softw. Eng.},
 issue_date = {April 1985},
 volume = {11},
 number = {4},
 month = apr,
 year = {1985},
 issn = {0098-5589},
 pages = {317--324},
 numpages = {8},
 publisher = {IEEE Press},
 address = {Piscataway, NJ, USA},
} 

@inproceedings{NBZ06,
 author = {Nagappan, Nachiappan and Ball, Thomas and Zeller, Andreas},
 title = {Mining metrics to predict component failures},
 booktitle = {ICSE '06: Proceedings of the 28th international conference on Software engineering},
 year = {2006},
 isbn = {1-59593-375-1},
 pages = {452--461},
 location = {Shanghai, China},
 publisher = {ACM},
 address = {New York, NY, USA},
}

@article{GKMS00,
 author = {Graves, Todd L. and Karr, Alan F. and Marron, J. S. and Siy, Harvey},
 title = {Predicting Fault Incidence Using Software Change History},
 journal = {IEEE Trans. Softw. Eng.},
 volume = {26},
 number = {7},
 year = {2000},
 issn = {0098-5589},
 pages = {653--661},
 publisher = {IEEE Press},
 address = {Piscataway, NJ, USA},
 filename = {00859533.pdf},
}

% Lehmans publications

@inproceedings{L96,
 author = {Lehman, M. M.},
 title = {Laws of Software Evolution Revisited},
 booktitle = {Proceedings of the 5th European Workshop on Software Process Technology},
 series = {EWSPT '96},
 year = {1996},
 isbn = {3-540-61771-X},
 pages = {108--124},
 numpages = {17},
 publisher = {Springer-Verlag},
 address = {London, UK, UK},
}

@inproceedings{LRWPT97,
 author = {Lehman, M M. and Ramil, J F. and Wernick, P D. and Perry, D E. and Turski, W M.},
 title = {Metrics and Laws of Software Evolution - The Nineties View},
 booktitle = {Proceedings of the 4th International Symposium on Software Metrics},
 series = {METRICS '97},
 year = {1997},
 isbn = {0-8186-8093-8},
 pages = {20--},
 publisher = {IEEE Computer Society},
 address = {Washington, DC, USA},
 keywords = {Lehman's laws, Software:- process, evolution, process metrics, dynamics and improvement},
} 

% excellent survey

@article{SZ12,
 author = {Shahriar, Hossain and Zulkernine, Mohammad},
 title = {Mitigating program security vulnerabilities: Approaches and challenges},
 journal = {ACM Comput. Surv.},
 issue_date = {June 2012},
 volume = {44},
 number = {3},
 month = jun,
 year = {2012},
 issn = {0360-0300},
 pages = {11:1--11:46},
 articleno = {11},
 numpages = {46},
 publisher = {ACM},
 address = {New York, NY, USA},
 keywords = {Program security vulnerability mitigation, hybrid analysis, patching, program transformation, secure programming, static analysis, vulnerability testing},
}

% static analysis for security

@book{CW07,
 author = {Chess, Brian and West, Jacob},
 title = {Secure programming with static analysis},
 year = {2007},
 isbn = {9780321424778},
 edition = {First},
 publisher = {Addison-Wesley Professional},
}

% software defects

@inproceedings{TJBD11,
 author = {Tokar PhD, Joyce L. and Jones, F. David and Black PhD, Paul E. and Dupilka, Chris E.},
 title = {Software vulnerabilities precluded by spark},
 booktitle = {Proceedings of the 2011 ACM annual international conference on Special interest group on the ada programming language},
 series = {SIGAda '11},
 year = {2011},
 isbn = {978-1-4503-1028-4},
 location = {Denver, Colorado, USA},
 pages = {39--46},
 numpages = {8},
 publisher = {ACM},
 address = {New York, NY, USA},
 keywords = {common weaknesses, correctness by construction, cwe, software vulnerabilities, spark, spark ada},
} 

% defects cost

@inproceedings{BCL08,
 author = {Baca, Dejan and Carlsson, Bengt and Lundberg, Lars},
 title = {Evaluating the cost reduction of static code analysis for software security},
 booktitle = {Proceedings of the third ACM SIGPLAN workshop on Programming languages and analysis for security},
 series = {PLAS '08},
 year = {2008},
 isbn = {978-1-59593-936-4},
 location = {Tucson, AZ, USA},
 pages = {79--88},
 numpages = {10},
 publisher = {ACM},
 address = {New York, NY, USA},
 keywords = {cost reduction, coverity prevent, early fault detection, false positive, security, source code, static code analysis, trouble report},
} 

@inproceedings{TW07,
    author = {Rahul Telang and Sunil Wattal},
    title = {Impact of Software Vulnerability Announcements on the Market Value of Software Vendors - An Empirical Investigation},
    booktitle = {Workshop on the Economics of Information Security},
    year = {2007},
    pages = {677427}
}

@inproceedings{R06,
 author = {R{\aa}man, Jari},
 title = {Contracting over the quality aspect of security in software product markets},
 booktitle = {Proceedings of the 2nd ACM workshop on Quality of protection},
 series = {QoP '06},
 year = {2006},
 isbn = {1-59593-553-3},
 location = {Alexandria, Virginia, USA},
 pages = {19--26},
 numpages = {8},
 url = {http://doi.acm.org/10.1145/1179494.1179499},
 doi = {10.1145/1179494.1179499},
 acmid = {1179499},
 publisher = {ACM},
 address = {New York, NY, USA},
 keywords = {contracting, law, regulation, secure software development},
}

% FindBugs citations 

@inproceedings{AP10,
 author = {Ayewah, Nathaniel and Pugh, William},
 title = {The Google {F}ind{B}ugs fixit},
 booktitle = {Proceedings of the 19th international symposium on Software testing and analysis},
 series = {ISSTA '10},
 year = {2010},
 isbn = {978-1-60558-823-0},
 location = {Trento, Italy},
 pages = {241--252},
 numpages = {12},
 publisher = {ACM},
 address = {New York, NY, USA},
}

@inproceedings{HP07,
 author = {Hovemeyer, David and Pugh, William},
 title = {Finding more null pointer bugs, but not too many},
 booktitle = {Proceedings of the 7th ACM SIGPLAN-SIGSOFT workshop on Program analysis for software tools and engineering},
 series = {PASTE '07},
 year = {2007},
 isbn = {978-1-59593-595-3},
 location = {San Diego, California, USA},
 pages = {9--14},
 numpages = {6},
 publisher = {ACM},
 address = {New York, NY, USA},
}

@article{HP04,
 author = {Hovemeyer, David and Pugh, William},
 title = {Finding bugs is easy},
 journal = {SIGPLAN Not.},
 issue_date = {December 2004},
 volume = {39},
 number = {12},
 month = dec,
 year = {2004},
 issn = {0362-1340},
 pages = {92--106},
 numpages = {15},
 publisher = {ACM},
 address = {New York, NY, USA},
} 

% warning prioritization via software history analysis

@inproceedings{HW08,
 author = {Heckman, Sarah and Williams, Laurie},
 title = {On establishing a benchmark for evaluating static analysis alert prioritization and classification techniques},
 booktitle = {Proceedings of the Second ACM-IEEE international symposium on Empirical software engineering and measurement},
 series = {ESEM '08},
 year = {2008},
 isbn = {978-1-59593-971-5},
 location = {Kaiserslautern, Germany},
 pages = {41--50},
 numpages = {10},
 publisher = {ACM},
 address = {New York, NY, USA},
} 

@inproceedings{HW09,
 author = {Heckman, Sarah and Williams, Laurie},
 title = {A Model Building Process for Identifying Actionable Static Analysis Alerts},
 booktitle = {Proceedings of the 2009 International Conference on Software Testing Verification and Validation},
 series = {ICST '09},
 year = {2009},
 isbn = {978-0-7695-3601-9},
 pages = {161--170},
 numpages = {10},
 publisher = {IEEE Computer Society},
 address = {Washington, DC, USA},
} 

@inproceedings{SHP06,
 author = {Spacco, Jaime and Hovemeyer, David and Pugh, William},
 title = {Tracking defect warnings across versions},
 booktitle = {Proceedings of the 2006 international workshop on Mining software repositories},
 series = {MSR '06},
 year = {2006},
 isbn = {1-59593-397-2},
 location = {Shanghai, China},
 pages = {133--136},
 numpages = {4},
 publisher = {ACM},
 address = {New York, NY, USA},
}

@inproceedings{KE07b,
 author = {Kim, Sunghun and Ernst, Michael D.},
 title = {Which warnings should I fix first?},
 booktitle = {Proceedings of the the 6th joint meeting of the European software engineering conference and the ACM SIGSOFT symposium on The foundations of software engineering},
 series = {ESEC-FSE '07},
 year = {2007},
 isbn = {978-1-59593-811-4},
 location = {Dubrovnik, Croatia},
 pages = {45--54},
 numpages = {10},
 publisher = {ACM},
 address = {New York, NY, USA},
} 

@inproceedings{KE07,
 author = {Kim, Sunghun and Ernst, Michael D.},
 title = {Prioritizing Warning Categories by Analyzing Software History},
 booktitle = {Proceedings of the Fourth International Workshop on Mining Software Repositories},
 series = {MSR '07},
 year = {2007},
 isbn = {0-7695-2950-X},
 pages = {27--},
 publisher = {IEEE Computer Society},
 address = {Washington, DC, USA},
}

% evolution of Linux

@inproceedings{IB06,
 author = {Izurieta, Clemente and Bieman, James},
 title = {The evolution of {F}ree{BSD} and {L}inux},
 booktitle = {Proceedings of the 2006 ACM/IEEE international symposium on Empirical software engineering},
 series = {ISESE '06},
 year = {2006},
 isbn = {1-59593-218-6},
 location = {Rio de Janeiro, Brazil},
 pages = {204--211},
 numpages = {8},
 publisher = {ACM},
 address = {New York, NY, USA},
 keywords = {FreeBSD, evolution, linux, open source software, replication study, software engineering},
} 

% original idea

@inproceedings{MGS12,
 author = {Mitropoulos, Dimitris and Gousios, Georgios and Spinellis, Diomidis},
 title = {Measuring the Occurrence of Security-Related Bugs through Software Evolution},
 booktitle = {Proceedings of the 2012 16th Panhellenic Conference on Informatics},
 series = {PCI '12},
 year = {2012},
 isbn = {978-0-7695-4825-8},
 pages = {117--122},
 numpages = {6},
 url = {http://dx.doi.org/10.1109/PCi.2012.15},
 doi = {10.1109/PCi.2012.15},
 acmid = {2419693},
 publisher = {IEEE Computer Society},
 address = {Washington, DC, USA},
 keywords = {Alitheia Core, FindBugs, Software Defects, Static Analysis, Software Evolution},
} 

% interesting survey

@article{KCM07,
 author = {Kagdi, Huzefa and Collard, Michael L. and Maletic, Jonathan I.},
 title = {A survey and taxonomy of approaches for mining software repositories in the context of software evolution},
 journal = {J. Softw. Maint. Evol.},
 issue_date = {March 2007},
 volume = {19},
 number = {2},
 month = mar,
 year = {2007},
 issn = {1532-060X},
 pages = {77--131},
 numpages = {55},
 url = {http://dx.doi.org/10.1002/smr.344},
 doi = {10.1002/smr.344},
 acmid = {1345057},
 publisher = {John Wiley \& Sons, Inc.},
 address = {New York, NY, USA},
 keywords = {mining software repositories, multi-version analysis, software evolution},
}

% evolution and bugs 

@inproceedings{B11,
 author = {Bhattacharya, Pamela},
 title = {Using software evolution history to facilitate development and maintenance},
 booktitle = {Proceedings of the 33rd International Conference on Software Engineering},
 series = {ICSE '11},
 year = {2011},
 isbn = {978-1-4503-0445-0},
 location = {Waikiki, Honolulu, HI, USA},
 pages = {1122--1123},
 numpages = {2},
 publisher = {ACM},
 address = {New York, NY, USA},
 keywords = {developer productivity, empirical studies, software evolution, software quality},
} 

@inproceedings{D08,
  author    = {Marco D'Ambros},
  title     = {Supporting software evolution analysis with historical dependencies
               and defect information},
  booktitle = {ICSM},
  year      = {2008},
  pages     = {412-415},
}

@inproceedings{DL08,
  author    = {Marco D'Ambros and
               Michele Lanza},
  title     = {A Flexible Framework to Support Collaborative Software Evolution
               Analysis},
  booktitle = {CSMR},
  year      = {2008},
  pages     = {3-12},
}

@incollection{ZNA08,
  author    = {Thomas Zimmermann and
               Nachiappan Nagappan and
               Andreas Zeller},
  title     = {Predicting Bugs from History},
  booktitle = {Software Evolution},
  year      = {2008},
  pages     = {69-88},
}

% evolution and security bugs

@inproceedings{SSL12,
 author = {Shahzad, Muhammad and Shafiq, Muhammad Zubair and Liu, Alex X.},
 title = {A large scale exploratory analysis of software vulnerability life cycles},
 booktitle = {Proceedings of the 2012 International Conference on Software Engineering},
 series = {ICSE 2012},
 year = {2012},
 isbn = {978-1-4673-1067-3},
 location = {Zurich, Switzerland},
 pages = {771--781},
 numpages = {11},
 publisher = {IEEE Press},
 address = {Piscataway, NJ, USA},
}

@inproceedings{ZAH11,
 author = {Zaman, Shahed and Adams, Bram and Hassan, Ahmed E.},
 title = {Security versus performance bugs: a case study on Firefox},
 booktitle = {Proceedings of the 8th Working Conference on Mining Software Repositories},
 series = {MSR '11},
 year = {2011},
 isbn = {978-1-4503-0574-7},
 location = {Waikiki, Honolulu, HI, USA},
 pages = {93--102},
 numpages = {10},
 publisher = {ACM},
 address = {New York, NY, USA},
} 

@inproceedings{MNN11,
 author = {Massacci, Fabio and Neuhaus, Stephan and Nguyen, Viet Hung},
 title = {After-life vulnerabilities: a study on firefox evolution, its vulnerabilities, and fixes},
 booktitle = {Proceedings of the Third international conference on Engineering secure software and systems},
 series = {ESSoS'11},
 year = {2011},
 isbn = {978-3-642-19124-4},
 location = {Madrid, Spain},
 pages = {195--208},
 numpages = {14},
 publisher = {Springer-Verlag},
 address = {Berlin, Heidelberg},
}

@inproceedings{BFG07,
  author = {Bakota, Tibor and Ferenc, Rudolf and Gyimóthy, Tibor},
  title = {Clone Smells in Software Evolution.},
  booktitle = {ICSM},
  crossref = {conf/icsm/2007},
  date = {2008-11-18},
  keywords = {dblp},
  pages = {24-33},
  publisher = {IEEE},
  year = 2007
}

@inproceedings{JH06,
 author = {Jiang, Zhen Ming and Hassan, Ahmed E.},
 title = {Examining the evolution of code comments in PostgreSQL},
 booktitle = {Proceedings of the 2006 international workshop on Mining software repositories},
 series = {MSR '06},
 year = {2006},
 isbn = {1-59593-397-2},
 location = {Shanghai, China},
 pages = {179--180},
 numpages = {2},
 publisher = {ACM},
 address = {New York, NY, USA},
 keywords = {code comments, software evolution, software maintenance},
}

@inproceedings{CKNPW03,
 author = {Collberg, Christian and Kobourov, Stephen and Nagra, Jasvir and Pitts, Jacob and Wampler, Kevin},
 title = {A system for graph-based visualization of the evolution of software},
 booktitle = {Proceedings of the 2003 ACM symposium on Software visualization},
 series = {SoftVis '03},
 year = {2003},
 isbn = {1-58113-642-0},
 location = {San Diego, California},
 pages = {77--ff},
 publisher = {ACM},
 address = {New York, NY, USA},
}

@inproceedings{LTWLZZ06,
 author = {Li, Zhenmin and Tan, Lin and Wang, Xuanhui and Lu, Shan and Zhou, Yuanyuan and Zhai, Chengxiang},
 title = {Have things changed now?: an empirical study of bug characteristics in modern open source software},
 booktitle = {Proceedings of the 1st workshop on Architectural and system support for improving software dependability},
 series = {ASID '06},
 year = {2006},
 isbn = {1-59593-576-2},
 location = {San Jose, California},
 pages = {25--33},
 numpages = {9},
 publisher = {ACM},
 address = {New York, NY, USA},
 keywords = {bug characteristics, bug detection, empirical study, open source, security},
} 

@article{KWZ08,
 author = {Kim, Sunghun and Whitehead,Jr., E. James and Zhang, Yi},
 title = {Classifying Software Changes: Clean or Buggy?},
 journal = {IEEE Trans. Softw. Eng.},
 issue_date = {March 2008},
 volume = {34},
 number = {2},
 month = mar,
 year = {2008},
 publisher = {IEEE Press},
 address = {Piscataway, NJ, USA},
 keywords = {Clustering, Configuration Management, Data mining,
 Metrics/Measurement, Software maintenance, Software maintenance,
 classification, and association rules},
} 

@article{WGS07,
 author = {Wang, Yi and Guo, Defeng and Shi, Huihui},
 title = {Measuring the evolution of open source software systems with their communities},
 journal = {SIGSOFT Softw. Eng. Notes},
 issue_date = {November 2007},
 volume = {32},
 number = {6},
 month = nov,
 year = {2007},
 issn = {0163-5948},
 articleno = {7},
 publisher = {ACM},
 address = {New York, NY, USA},
 keywords = {Ubuntu, evolution, metrics, open source community, open source software},
} 

@inproceedings{HH04,
 author = {Hassan, Ahmed E. and Holt, Richard C.},
 title = {Studying The Evolution of Software Systems Using Evolutionary Code Extractors},
 booktitle = {Proceedings of the Principles of Software Evolution, 7th International Workshop},
 series = {IWPSE '04},
 year = {2004},
 isbn = {0-7695-2211-4},
 pages = {76--81},
 numpages = {6},
 publisher = {IEEE Computer Society},
 address = {Washington, DC, USA},
} 

@article{SZZ05,
 author = {\'{S}liwerski, Jacek and Zimmermann, Thomas and Zeller, Andreas},
 title = {When do changes induce fixes?},
 journal = {SIGSOFT Softw. Eng. Notes},
 issue_date = {July 2005},
 volume = {30},
 number = {4},
 month = may,
 year = {2005},
 issn = {0163-5948},
 pages = {1--5},
 numpages = {5},
 publisher = {ACM},
 address = {New York, NY, USA},
}

% micro patterns

@inproceedings{KPW06,
 author = {Kim, Sunghun and Pan, Kai and Whitehead,Jr., E. James},
 title = {Micro pattern evolution},
 booktitle = {Proceedings of the 2006 international workshop on Mining software repositories},
 series = {MSR '06},
 year = {2006},
 isbn = {1-59593-397-2},
 location = {Shanghai, China},
 pages = {40--46},
 numpages = {7},
 url = {http://doi.acm.org/10.1145/1137983.1137995},
 doi = {10.1145/1137983.1137995},
 acmid = {1137995},
 publisher = {ACM},
 address = {New York, NY, USA},
} 

@inproceedings{GM05,
 author = {Gil, Joseph (Yossi) and Maman, Itay},
 title = {Micro patterns in Java code},
 booktitle = {Proceedings of the 20th annual ACM SIGPLAN conference on Object-oriented programming, systems, languages, and applications},
 series = {OOPSLA '05},
 year = {2005},
 isbn = {1-59593-031-0},
 location = {San Diego, CA, USA},
 pages = {97--116},
 numpages = {20},
 publisher = {ACM},
 address = {New York, NY, USA},
 keywords = {design patterns, implementation patterns, object-oriented programming, program analysis},
} 

% refactoring identification

@inproceedings{WD06,
 author = {Wei{\ss}gerber, Peter and Diehl, Stephan},
 title = {Are refactorings less error-prone than other changes?},
 booktitle = {Proceedings of the 2006 international workshop on Mining software repositories},
 series = {MSR '06},
 year = {2006},
 isbn = {1-59593-397-2},
 location = {Shanghai, China},
 pages = {112--118},
 numpages = {7},
 publisher = {ACM},
 address = {New York, NY, USA},
 keywords = {re-engineering, refactoring, reverse engineering, software evolution},
} 

@inproceedings{GW05,
 author = {G\"{o}rg, Carsten and Wei{\ss}gerber, Peter},
 title = {Error detection by refactoring reconstruction},
 booktitle = {Proceedings of the 2005 international workshop on Mining software repositories},
 series = {MSR '05},
 year = {2005},
 isbn = {1-59593-123-6},
 location = {St. Louis, Missouri},
 pages = {1--5},
 numpages = {5},
 publisher = {ACM},
 address = {New York, NY, USA},
}

@inproceedings{RSG08,
 author = {Ratzinger, Jacek and Sigmund, Thomas and Gall, Harald C.},
 title = {On the relation of refactorings and software defect prediction},
 booktitle = {Proceedings of the 2008 international working conference on Mining software repositories},
 series = {MSR '08},
 year = {2008},
 isbn = {978-1-60558-024-1},
 location = {Leipzig, Germany},
 pages = {35--38},
 numpages = {4},
 publisher = {ACM},
 address = {New York, NY, USA},
 keywords = {mining, software analysis, software evolution},
} 

@inproceedings{KCK11,
 author = {Kim, Miryung and Cai, Dongxiang and Kim, Sunghun},
 title = {An empirical investigation into the role of API-level refactorings during software evolution},
 booktitle = {Proceedings of the 33rd International Conference on Software Engineering},
 series = {ICSE '11},
 year = {2011},
 isbn = {978-1-4503-0445-0},
 location = {Waikiki, Honolulu, HI, USA},
 pages = {151--160},
 numpages = {10},
 publisher = {ACM},
 address = {New York, NY, USA},
 keywords = {defects, empirical study, refactoring, release cycle, software evolution},
} 

% refactorings end

@inproceedings{BN11,
 author = {Bhattacharya, Pamela and Neamtiu, Iulian},
 title = {Bug-fix time prediction models: can we do better?},
 booktitle = {Proceedings of the 8th Working Conference on Mining Software Repositories},
 series = {MSR '11},
 year = {2011},
 isbn = {978-1-4503-0574-7},
 location = {Waikiki, Honolulu, HI, USA},
 pages = {207--210},
 numpages = {4},
 publisher = {ACM},
 address = {New York, NY, USA},
 keywords = {bug report triage, bug-fix time, issue tracking, statistical model},
}

@inproceedings{DL06,
 author = {D'Ambros, Marco and Lanza, Michele},
 title = {Software Bugs and Evolution: A Visual Approach to Uncover Their Relationship},
 booktitle = {Proceedings of the Conference on Software Maintenance and Reengineering},
 series = {CSMR '06},
 year = {2006},
 isbn = {0-7695-2536-9},
 pages = {229--238},
 numpages = {10},
 publisher = {IEEE Computer Society},
 address = {Washington, DC, USA},
} 

% querying

@inproceedings{HG05,
 author = {Hindle, Abram and German, Daniel M.},
 title = {{SCQL}: a formal model and a query language for source control repositories},
 booktitle = {Proceedings of the 2005 international workshop on Mining software repositories},
 series = {MSR '05},
 year = {2005},
 isbn = {1-59593-123-6},
 location = {St. Louis, Missouri},
 pages = {1--5},
 numpages = {5},
 url = {http://doi.acm.org/10.1145/1082983.1083161},
 doi = {10.1145/1082983.1083161},
 acmid = {1083161},
 publisher = {ACM},
 address = {New York, NY, USA},
} 

@inproceedings{BN11b,
 author = {Bhattacharya, Pamela and Neamtiu, Iulian},
 title = {A prolog-based framework for search, integration and empirical analysis on software evolution data},
 booktitle = {Proceedings of the 3rd International Workshop on Search-Driven Development: Users, Infrastructure, Tools, and Evaluation},
 series = {SUITE '11},
 year = {2011},
 isbn = {978-1-4503-0597-6},
 location = {Waikiki, Honolulu, HI, USA},
 pages = {29--32},
 numpages = {4},
 publisher = {ACM},
 address = {New York, NY, USA},
 keywords = {data integration, empirical studies, prolog, software evolution},
}

@inproceedings{FPG03,
 author = {Fischer, Michael and Pinzger, Martin and Gall, Harald},
 title = {Populating a Release History Database from Version Control and Bug Tracking Systems},
 booktitle = {Proceedings of the International Conference on Software Maintenance},
 series = {ICSM '03},
 year = {2003},
 isbn = {0-7695-1905-9},
 pages = {23--},
 publisher = {IEEE Computer Society},
 address = {Washington, DC, USA},
} 

@inproceedings{NZ10,
  author    = {Lucas Nussbaum and
               Stefano Zacchiroli},
  title     = {The Ultimate Debian Database: Consolidating bazaar metadata
               for Quality Assurance and data mining},
  booktitle = {Proceedings of the 2010 international workshop on Mining software repositories},
  series    = {MSR '10},
  year      = {2010},
  pages     = {52-61},
}

% evolution and size

@inproceedings{RGMA06,
 author = {Robles, Gregorio and Gonzalez-Barahona, Jesus M. and Michlmayr, Martin and Amor, Juan Jose},
 title = {Mining large software compilations over time: another perspective of software evolution},
 booktitle = {Proceedings of the 2006 international workshop on Mining software repositories},
 series = {MSR '06},
 year = {2006},
 isbn = {1-59593-397-2},
 location = {Shanghai, China},
 pages = {3--9},
 numpages = {7},
 publisher = {ACM},
 address = {New York, NY, USA},
 keywords = {large software collections, mining software repositories, software evolution, software integrators},
} 

